2158 2797
29 155 124 202 domum
131 166 243 201 revocatus
257 163 296 217 est,
311 165 335 205 ut
348 167 430 211 munus
442 152 601 198 concionatoris
615 146 671 198 sacri
685 153 709 197 in
723 149 796 196 castris
811 128 930 214 susciperet
942 167 1006 195 exer-

28 231 90 277 citus
96 230 176 289 nostri,
190 230 232 272 iter
246 238 308 272 tunc
314 228 338 272 in
353 225 472 272 Holsatiam
484 227 593 290 parantis,
614 227 649 271 cui
665 238 697 271 est
712 226 803 271 officio¹
797 227 891 271 mitiatus
907 243 919 270 a
937 226 964 271 V.
980 224 1003 269 S.

27 308 62 351 V
69 306 116 350 Ba
115 305 143 358 le,
159 286 282 346 dioeceseos
299 299 414 345 Selandiae
420 296 539 363 Episcopo.
567 300 678 360 Quoniam
692 316 744 359 vcro
759 316 798 345 res
809 301 839 344 ita
849 299 964 374 ferebant,
980 310 1004 343 nt

27 377 64 425 tali
83 394 129 422 non
148 391 202 436 opus
220 386 275 420 esset
289 373 343 419 belli
358 372 462 429 consilio,
481 375 555 418 castris
570 390 620 418 cum
631 372 699 418 classe
713 360 861 430 commutatis,
871 366 955 417 eodem
968 372 1006 416 hic

23 468 131 518 ¹munere
135 450 246 495 {tincturus
267 465 316 492 cum
332 448 422 498 navibus
435 446 519 498 bellicis
533 448 603 492 Marte
618 459 688 509 atqve·
699 448 774 493 Sirene
790 446 932 510 (Havsruen),
953 462 1007 507 qta-

27 543 76 571 ιιιιιι
89 523 122 570 illi
137 524 228 582 Herbe,
248 521 300 565 huie
315 525 380 566 Steeo
395 522 444 566 Bill
427 524 515 566 lleerat
530 522 662 583 praefectus,
677 526 719 583 per
737 538 819 565 menses
839 522 923 570 aestivos
941 520 1005 577 hujus

25 602 90 662 ¹atqve
103 597 210 661 sequentis
225 612 276 640 anm
270 575 403 645 'nonnullis
419 595 516 640 interfuit
530 595 664 654 excursibus.
695 596 790 658 Neque
784 607 813 639 ιιι
826 588 896 639 multo
908 606 986 655 post,
985 605 1007 637 et

27 689 112 719 mense
121 670 209 734 quidem
224 669 326 714 Januario
340 685 391 713 anm
385 668 550 712 MDCCXCI
555 657 610 725 Regi
623 666 705 730 placuit
719 668 898 723 elementissimo,
917 679 942 711 ut
956 684 1007 729 cura
1057 708 1064 711 ,

27 746 165 793 ecclesiarum
184 746 270 804 Bro'rup
291 753 313 786 et
330 741 473 787 Lindknud
466 759 490 787 m
504 741 586 786 diocesi
600 739 724 805 Ripensi'
706 758 750 800 ejus
749 742 814 786 fi'dei
828 740 1005 787 concrederetur.

27 822 85 865 Hin'e
99 827 152 881 post
171 805 345 879 qvinqveirnium
363 815 390 860 ad
409 806 537 879 parochiam
557 816 791 875 Vissenbergensem'
784 832 808 859 m
821 815 898 879 Fionia
911 813 1007 858 admini-

28 879 137 939 strandum
154 907 180 935 ex
200 902 252 938 voto
270 888 397 944 translatus,
419 906 540 952 pauperum
558 888 623 947 hujus
644 890 739 946 regionis
758 905 845 944 curam,
867 903 1007 950 presummat
1068 897 1073 903 “

2 997 5 1003 ·
28 964 149 1012 incolarum
169 965 297 1026 frequentia
312 961 423 1008 difficilem
440 963 541 1025 inprimis
557 974 621 1023 atqve
635 961 761 1019 molestam,
781 962 840 1007 haud
852 963 876 1006 in
889 962 1005 1024 postremis

28 1036 245 1104 duxitjmrinerisf'sui
260 1038 371 1099 partibus3
391 1037 517 1103 rationeque
536 1046 582 1078 tum
595 1037 648 1086 situs
664 1048 712 1080 tum
726 1037 817 1080 ambitus
830 1034 940 1097 parochiae
953 1035 1006 1080 Vis*

28 1111 175 1169 sonbergensis
187 1111 272 1166 habita,
288 1112 313 1154 in
326 1111 398 1171 ipsum
411 1108 522 1170 cooptatus
537 1119 568 1152 est
583 1106 723 1165 collegium,
733 1112 792 1167 eujus
808 1126 891 1169 summa
906 1120 951 1153 erat
961 1125 1005 1169 per

28 1179 258 1248 totam⁵praefecturam
270 1200 393 1245 pauperum
408 1181 537 1227 alendorum
551 1197 603 1225 eura
616 1193 679 1243 atqve
693 1182 767 1229 tutela.
796 1184 838 1229 Res
854 1199 923 1246 porro
938 1181 1006 1226 scho-
1014 1224 1016 1231 ,

19 1260 109 1305 'lastieas
123 1258 196 1314 hujus
219 1256 264 1301 loci
285 1257 454 1318 quadringentos
480 1255 566 1304 circiter
591 1257 672 1317 pueros
696 1258 828 1301 numerantis
853 1273 894 1318 per
918 1271 1005 1315 novem,

29 1350 83 1397 qtos
99 1333 123 1377 in
137 1323 186 1375 lroc
194 1346 291 1375 muner-e
299 1347 366 1374 annos
383 1329 519 1386 consumsit,
531 1329 610 1372 rectius
627 1331 759 1375 constituere
771 1342 834 1392 atqve
848 1329 950 1374 ordinare
965 1344 1006 1373 co-

28 1419 88 1468 natus
103 1417 140 1461 est,
156 1416 177 1449 et
193 1403 291 1472 consilio
301 1390 390 1466 qvidem
403 1402 512 1463 motloqve
527 1419 539 1444 a
553 1417 575 1445 se
589 1404 712 1464 proposito,
725 1405 825 1465 regisque
838 1404 905 1449 beatae
919 1418 1005 1446 memo-

28 1482 67 1525 riae
83 1479 204 1525 Christiana·
217 1479 309 1537 septimi
320 1478 448 1521 auctoritate
463 1476 563 1520 sancito
590 1477 624 1520 Ex
640 1493 684 1538 qvo
701 1476 840 1533 factumest,
859 1488 1005 1522 utnotaac-

30 1547 115 1598 cederet
130 1551 157 1595 ad
171 1552 272 1611 pristinas
289 1551 354 1608 hujus
368 1540 488 1632 parochiae
496 1546 588 1592 scholas
631 1550 795 1608 Ltrdimagistris
811 1548 872 1596 antea
885 1552 1006 1598 constitutis
1066 1561 1070 1566 '

29 1627 106 1671 ducem
124 1641 146 1668 se
163 1625 270 1685 prebuit,
291 1622 359 1667 semel
372 1640 413 1685 per
427 1621 576 1682 septimanam
582 1622 606 1663 in
619 1622 701 1669 scholis
717 1623 806 1682 siugulis
823 1624 921 1673 docentis
934 1638 1005 1688 partes

5 1716 7 1718 ’
29 1698 142 1753 obetmd03
167 1713 264 1758 eumqve
278 1698 335 1758 cepit
349 1696 432 1754 hujus
434 1714 480 1742 non
495 1696 599 1742 levissimi
612 1694 693 1742 laboris
708 1700 890 1759 exoptatissimum
903 1699 1005 1755 fructum,

29 1785 58 1818 ut
68 1785 89 1817 et
103 1770 249 1828 diligentius'
239 1771 407 1827 anstituerentur
420 1772 496 1832 pueri,
503 1787 588 1832 suaqve
602 1771 649 1833 ipse
661 1772 768 1832 supremis
782 1788 942 1817 rerumrerum
953 1789 1006 1819 mo-

30 1846 163 1901 deratoribus
177 1845 289 1893 conamina
303 1844 413 1905 probaret.
442 1846 484 1889 Has
499 1845 556 1889 inter
570 1861 631 1889 eruas
644 1845 775 1900 gravissimis
785 1845 860 1891 officiis
871 1846 950 1891 dicatas
960 1846 1006 1891 dis·
1058 1866 1061 1870 ·

29 1918 166 1963 sectationem
179 1917 266 1977 scripsit
282 1918 310 1961 do
323 1912 558 1982 indoleaastitotiouis
572 1920 628 1963 Jesu
644 1919 731 1977 Christo
744 1921 874 1978 peculiari,
889 1921 1005 1982 scriptume

29 1988 254 2056 qvel'llheologorum
272 1986 453 2049 inmensitate
473 1989 598 2035 Kiloniensi
620 1990 704 2047 >judicio
729 1991 838 2048 submisit,
860 1994 898 2054 qvi
918 1993 1005 2050 dignam

30 2072 168 2127 censuerunt,
181 2080 235 2124 quae
250 2062 515 2121 summostnrheologia
525 2063 624 2109 'honores
638 2060 722 2108 auctori
735 2064 866 2121 vindicaret,
887 2064 1005 2128 diplomate

29 2157 48 2184 a.
62 2138 83 2182 tl.
99 2134 211 2201 VIII-Cal.
225 2137 293 2180 Deob.
308 2136 364 2180 armo
379 2137 485 2181 *MDCCC
500 2138 609 2199 inipsur'n
624 2136 722 2183 collatos.
762 2128 920 2199 ‘Quinquennio
935 2141 1006 2185 inter-

15 2215 96 2270 iecto,
109 2212 171 2272 novis
185 2217 257 2254 auctus
272 2210 382 2266 est'Regis
397 2209 558 2255 elementissimi
571 2211 696 2267 beneficiis,
715 2212 843 2272 praepositus
858 2214 1006 2261 ereatus'dior

30 2283 217 2344 ceseos'Ripensis
226 2291 386 2344 ‘sacrorumque
400 2283 427 2327 ad
439 2281 546 2344 templum
560 2284 683 2329 cathedrale
695 2285 794 2328 minister
806 2287 930 2348 primarius.
954 2289 1005 2344 Ubi,

30 2374 97 2421 quum
114 2358 234 2427 juventutis,
249 2357 379 2402 institutioni
397 2357 468 2401 minus
483 2355 598 2402 commode
613 2356 819 2419 esseteonsultum
841 2377 918 2404 munus
932 2362 1006 2422 auspi*

28 2429 113 2476 catenus
126 2429 176 2496 duas
190 2431 255 2475 srasit
267 2428 351 2473 scholas
365 2427 516 2486 elementares,
529 2431 587 2474 binis
600 2430 726 2475 doctoribus
741 2433 890 2488 instruendas,
906 2432 1006 2491 adjuncta

29 2503 177 2575 veroclasse,
201 2519 243 2564 qva
261 2502 359 2549 discendi
381 2503 465 2565 cupidis
484 2504 547 2565 copia
563 2519 609 2548 non
631 2503 713 2548 deesset
732 2503 822 2549 ulterius
841 2506 1005 2568 progrediendi.

31 2575 242 2638 Qvodconsilium,
267 2577 425 2643 Angustissimo
440 2578 499 2634 Rege
519 2576 639 2634 adiurante,
661 2580 732 2639 statim
751 2579 839 2641 exsequi
860 2588 1006 2627 conatus'est.
